<record><leader>00000cas a22000007a 4500</leader><controlfield tag="001">17477340</controlfield><controlfield tag="008">880216d194219uupauwr ne      0    0eng d</controlfield><datafield ind1=" " ind2=" " tag="010"><subfield code="a">sn 88079119 </subfield></datafield><datafield ind1=" " ind2=" " tag="040"><subfield code="a">NPH</subfield><subfield code="b">eng</subfield><subfield code="c">NPH</subfield><subfield code="d">OCLCQ</subfield></datafield><datafield ind1=" " ind2=" " tag="042"><subfield code="a">msc</subfield></datafield><datafield ind1="0" ind2="4" tag="245"><subfield code="a">The Towne house.</subfield></datafield><datafield ind1=" " ind2=" " tag="260"><subfield code="a">Nazareth, Pa. :</subfield><subfield code="b">[R.H. "Pickels" Michael],</subfield><subfield code="c">1942-</subfield></datafield><datafield ind1=" " ind2=" " tag="300"><subfield code="a">v. ;</subfield><subfield code="c">36 cm.</subfield></datafield><datafield ind1=" " ind2=" " tag="310"><subfield code="a">Weekly</subfield></datafield><datafield ind1="0" ind2=" " tag="362"><subfield code="a">[Vol. 1, no. 1] (May 19, 1942)-</subfield></datafield><datafield ind1=" " ind2=" " tag="500"><subfield code="a">"Local news sent to area servicemen fighting overseas."</subfield></datafield><datafield ind1=" " ind2=" " tag="752"><subfield code="a">United States</subfield><subfield code="b">Pennsylvania</subfield><subfield code="c">Northampton</subfield><subfield code="d">Nazareth.</subfield></datafield></record>